@InBook{Lewis1994,
  author    = {Lewis, David D. and Gale, William A.},
  pages     = {3--12},
  publisher = {Springer London},
  title     = {A Sequential Algorithm for Training Text Classifiers},
  year      = {1994},
  isbn      = {9781447120995},
  booktitle = {SIGIR ’94},
  doi       = {10.1007/978-1-4471-2099-5_1},
}

@InBook{Scheffer2001,
  author    = {Scheffer, Tobias and Decomain, Christian and Wrobel, Stefan},
  pages     = {309--318},
  publisher = {Springer Berlin Heidelberg},
  title     = {Active Hidden Markov Models for Information Extraction},
  year      = {2001},
  isbn      = {9783540448167},
  booktitle = {Advances in Intelligent Data Analysis},
  doi       = {10.1007/3-540-44816-0_31},
  issn      = {0302-9743},
}

@InProceedings{Settles2008,
  author     = {Settles, Burr and Craven, Mark},
  booktitle  = {Proceedings of the Conference on Empirical Methods in Natural Language Processing - EMNLP ’08},
  title      = {An analysis of active learning strategies for sequence labeling tasks},
  year       = {2008},
  pages      = {1070},
  publisher  = {Association for Computational Linguistics},
  series     = {EMNLP ’08},
  collection = {EMNLP ’08},
  doi        = {10.3115/1613715.1613855},
}

@InProceedings{Joshi2009,
  author    = {Joshi, Ajay J. and Porikli, Fatih and Papanikolopoulos, Nikolaos},
  booktitle = {2009 IEEE Conference on Computer Vision and Pattern Recognition},
  title     = {Multi-class active learning for image classification},
  year      = {2009},
  month     = jun,
  publisher = {IEEE},
  doi       = {10.1109/cvpr.2009.5206627},
}

@Article{Freund1997,
  author    = {Freund, Yoav and Seung, H. Sebastian and Shamir, Eli and Tishby, Naftali},
  journal   = {Machine Learning},
  year      = {1997},
  issn      = {0885-6125},
  number    = {2/3},
  pages     = {133--168},
  volume    = {28},
  doi       = {10.1023/a:1007330508534},
  publisher = {Springer Science and Business Media LLC},
}

@Misc{Mussmann2022,
  author    = {Mussmann, Stephen and Reisler, Julia and Tsai, Daniel and Mousavi, Ehsan and O'Brien, Shayne and Goldszmidt, Moises},
  title     = {Active Learning with Expected Error Reduction},
  year      = {2022},
  copyright = {arXiv.org perpetual, non-exclusive license},
  doi       = {10.48550/ARXIV.2211.09283},
  keywords  = {Machine Learning (cs.LG), FOS: Computer and information sciences, FOS: Computer and information sciences},
  publisher = {arXiv},
}

@Misc{Gal2017,
  author    = {Gal, Yarin and Islam, Riashat and Ghahramani, Zoubin},
  title     = {Deep Bayesian Active Learning with Image Data},
  year      = {2017},
  copyright = {arXiv.org perpetual, non-exclusive license},
  doi       = {10.48550/ARXIV.1703.02910},
  keywords  = {Machine Learning (cs.LG), Computer Vision and Pattern Recognition (cs.CV), Machine Learning (stat.ML), FOS: Computer and information sciences, FOS: Computer and information sciences},
  publisher = {arXiv},
}

@Article{Cardoso2017,
  author    = {Cardoso, Thiago N.C. and Silva, Rodrigo M. and Canuto, Sérgio and Moro, Mirella M. and Gonçalves, Marcos A.},
  journal   = {Information Sciences},
  title     = {Ranked batch-mode active learning},
  year      = {2017},
  issn      = {0020-0255},
  month     = feb,
  pages     = {313--337},
  volume    = {379},
  doi       = {10.1016/j.ins.2016.10.037},
  publisher = {Elsevier BV},
}

@Article{Gu2015,
  author    = {Gu, Yingjie and Jin, Zhong and Chiu, Steve C.},
  journal   = {IET Computer Vision},
  title     = {Active learning combining uncertainty and diversity for multi‐class image classification},
  year      = {2015},
  issn      = {1751-9640},
  month     = jun,
  number    = {3},
  pages     = {400--407},
  volume    = {9},
  doi       = {10.1049/iet-cvi.2014.0140},
  publisher = {Institution of Engineering and Technology (IET)},
}

@Article{Roeder2013,
  author    = {Röder, Jens},
  title     = {Active Learning: New Approaches, and Industrial Applications},
  year      = {2013},
  doi       = {10.11588/HEIDOK.00014379},
  keywords  = {004 Data processing Computer science, 500 Natural sciences and mathematics},
  publisher = {Heidelberg University Library},
}

@Article{Tharwat2023,
  author    = {Tharwat, Alaa and Schenck, Wolfram},
  journal   = {Mathematics},
  title     = {A Survey on Active Learning: State-of-the-Art, Practical Challenges and Research Directions},
  year      = {2023},
  issn      = {2227-7390},
  month     = feb,
  number    = {4},
  pages     = {820},
  volume    = {11},
  doi       = {10.3390/math11040820},
  publisher = {MDPI AG},
}

@Book{Fischer1999,
  author    = {Fischer, Paul},
  publisher = {Vieweg+Teubner Verlag},
  title     = {Algorithmisches Lernen},
  year      = {1999},
  isbn      = {9783663119562},
  doi       = {10.1007/978-3-663-11956-2},
  issn      = {1615-5432},
  journal   = {Leitfäden der Informatik},
}

@Article{Dreiseitl2002,
  author    = {Dreiseitl, Stephan and Ohno-Machado, Lucila},
  journal   = {Journal of Biomedical Informatics},
  title     = {Logistic regression and artificial neural network classification models: a methodology review},
  year      = {2002},
  issn      = {1532-0464},
  month     = oct,
  number    = {5–6},
  pages     = {352--359},
  volume    = {35},
  doi       = {10.1016/s1532-0464(03)00034-0},
  publisher = {Elsevier BV},
}

@Article{Cortes1995,
  author    = {Cortes, Corinna and Vapnik, Vladimir},
  journal   = {Machine Learning},
  title     = {Support-vector networks},
  year      = {1995},
  issn      = {1573-0565},
  month     = sep,
  number    = {3},
  pages     = {273--297},
  volume    = {20},
  doi       = {10.1007/bf00994018},
  publisher = {Springer Science and Business Media LLC},
}

@Article{Breiman2001,
  author    = {Breiman, Leo},
  journal   = {Machine Learning},
  year      = {2001},
  issn      = {0885-6125},
  number    = {1},
  pages     = {5--32},
  volume    = {45},
  doi       = {10.1023/a:1010933404324},
  publisher = {Springer Science and Business Media LLC},
}

@Article{Cover1967,
  author    = {Cover, T. and Hart, P.},
  journal   = {IEEE Transactions on Information Theory},
  title     = {Nearest neighbor pattern classification},
  year      = {1967},
  issn      = {1557-9654},
  month     = jan,
  number    = {1},
  pages     = {21--27},
  volume    = {13},
  doi       = {10.1109/tit.1967.1053964},
  publisher = {Institute of Electrical and Electronics Engineers (IEEE)},
}

@Article{LeCun2015,
  author    = {LeCun, Yann and Bengio, Yoshua and Hinton, Geoffrey},
  journal   = {Nature},
  title     = {Deep learning},
  year      = {2015},
  issn      = {1476-4687},
  month     = may,
  number    = {7553},
  pages     = {436--444},
  volume    = {521},
  doi       = {10.1038/nature14539},
  publisher = {Springer Science and Business Media LLC},
}

@InBook{Bridle1990,
  author    = {Bridle, John S.},
  pages     = {227--236},
  publisher = {Springer Berlin Heidelberg},
  title     = {Probabilistic Interpretation of Feedforward Classification Network Outputs, with Relationships to Statistical Pattern Recognition},
  year      = {1990},
  isbn      = {9783642761539},
  booktitle = {Neurocomputing},
  doi       = {10.1007/978-3-642-76153-9_28},
}

@Article{Cox1958,
  author    = {Cox, D. R.},
  journal   = {Journal of the Royal Statistical Society Series B: Statistical Methodology},
  title     = {The Regression Analysis of Binary Sequences},
  year      = {1958},
  issn      = {1467-9868},
  month     = jul,
  number    = {2},
  pages     = {215--232},
  volume    = {20},
  doi       = {10.1111/j.2517-6161.1958.tb00292.x},
  publisher = {Oxford University Press (OUP)},
}

@Article{Lin2007,
  author    = {Lin, Hsuan-Tien and Lin, Chih-Jen and Weng, Ruby C.},
  journal   = {Machine Learning},
  title     = {A note on Platt’s probabilistic outputs for support vector machines},
  year      = {2007},
  issn      = {1573-0565},
  month     = aug,
  number    = {3},
  pages     = {267--276},
  volume    = {68},
  doi       = {10.1007/s10994-007-5018-6},
  publisher = {Springer Science and Business Media LLC},
}

@Article{Gohari2023,
  author    = {Gohari, Kimiya and Kazemnejad, Anoshirvan and Mohammadi, Marjan and Eskandari, Farzad and Saberi, Samaneh and Esmaieli, Maryam and Sheidaei, Ali},
  journal   = {BMC Medical Research Methodology},
  title     = {A Bayesian latent class extension of naive Bayesian classifier and its application to the classification of gastric cancer patients},
  year      = {2023},
  issn      = {1471-2288},
  month     = aug,
  number    = {1},
  volume    = {23},
  doi       = {10.1186/s12874-023-02013-4},
  publisher = {Springer Science and Business Media LLC},
}

@book{MassonForsythe2024ActiveML,
  author    = {Margaux Masson-Forsythe},
  title     = {Active Machine Learning with Python: Refine and elevate data quality over quantity with active learning},
  year      = {2024},
  edition   = {1st},
  publisher = {Packt Publishing Ltd.},
  address   = {Birmingham, UK},
  isbn      = {978-1-83546-494-6},
  url       = {https://www.packtpub.com/product/active-machine-learning-with-python-9781835464946?type=print}
}

@Article{Jin2022,
  author    = {Jin, Qiuye and Yuan, Mingzhi and Wang, Haoran and Wang, Manning and Song, Zhijian},
  journal   = {Knowledge-Based Systems},
  title     = {Deep active learning models for imbalanced image classification},
  year      = {2022},
  issn      = {0950-7051},
  month     = dec,
  pages     = {109817},
  volume    = {257},
  doi       = {10.1016/j.knosys.2022.109817},
  publisher = {Elsevier BV},
}

@Article{Kim2021,
  author    = {Kim, Jonguk and Bae, Hyansu and Kang, Hyunwoo and Lee, Suk Gyu},
  journal   = {Electronics},
  title     = {CNN Algorithm for Roof Detection and Material Classification in Satellite Images},
  year      = {2021},
  issn      = {2079-9292},
  month     = jul,
  number    = {13},
  pages     = {1592},
  volume    = {10},
  doi       = {10.3390/electronics10131592},
  publisher = {MDPI AG},
}

@Misc{Danka2018,
  author    = {Danka, Tivadar and Horvath, Peter},
  title     = {modAL: A modular active learning framework for Python},
  year      = {2018},
  copyright = {arXiv.org perpetual, non-exclusive license},
  doi       = {10.48550/ARXIV.1805.00979},
  keywords  = {Machine Learning (cs.LG), Machine Learning (stat.ML), FOS: Computer and information sciences, FOS: Computer and information sciences},
  publisher = {arXiv},
}

@Comment{jabref-meta: databaseType:bibtex;}
